%% This BibTeX bibliography file was created using BibDesk.
%% http://bibdesk.sourceforge.net/


%% Created for Dun Wang at 2016-03-25 02:14:26 -0400 


%% Saved with string encoding Unicode (UTF-8) 



@article{imagesub1,
	Adsnote = {Provided by the SAO/NASA Astrophysics Data System},
	Adsurl = {http://adsabs.harvard.edu/abs/1996AJ....112.2872T},
	Author = {{Tomaney}, A.~B. and {Crotts}, A.~P.~S.},
	Date-Added = {2016-03-25 05:56:48 +0000},
	Date-Modified = {2016-03-25 05:58:56 +0000},
	Doi = {10.1086/118228},
	Eprint = {astro-ph/9610066},
	Journal = {\aj},
	Keywords = {GRAVITATIONAL LENSING, SURVEYS},
	Month = dec,
	Pages = {2872},
	Title = {{Expanding the Realm of Microlensing Surveys with Difference Image Photometry}},
	Volume = 112,
	Year = 1996,
	Bdsk-Url-1 = {http://dx.doi.org/10.1086/118228}}

@article{alard,
	Adsnote = {Provided by the SAO/NASA Astrophysics Data System},
	Adsurl = {http://adsabs.harvard.edu/abs/1998ApJ...503..325A},
	Author = {{Alard}, C. and {Lupton}, R.~H.},
	Date-Added = {2016-03-23 21:06:03 +0000},
	Date-Modified = {2016-03-25 06:00:26 +0000},
	Doi = {10.1086/305984},
	Eprint = {astro-ph/9712287},
	Journal = {\apj},
	Keywords = {METHODS: DATA ANALYSIS, METHODS: STATISTICAL, TECHNIQUES: IMAGE PROCESSING, Methods: Data Analysis, Methods: Statistical, Techniques: Image Processing},
	Month = aug,
	Pages = {325-331},
	Title = {{A Method for Optimal Image Subtraction}},
	Volume = 503,
	Year = 1998,
	Bdsk-Url-1 = {http://dx.doi.org/10.1086/305984}}

@article{varyingkernel,
	Adsnote = {Provided by the SAO/NASA Astrophysics Data System},
	Adsurl = {http://adsabs.harvard.edu/abs/2000A%26AS..144..363A},
	Author = {{Alard}, C.},
	Date-Added = {2016-03-23 21:05:25 +0000},
	Date-Modified = {2016-03-25 06:14:08 +0000},
	Doi = {10.1051/aas:2000214},
	Journal = {\aaps},
	Keywords = {METHODS: NUMERICAL, METHODS: STATISTICAL, STARS: VARIABLES: GENERAL, COSMOLOGY: GRAVITATIONAL LENSING},
	Month = jun,
	Pages = {363-370},
	Title = {{Image subtraction using a space-varying kernel}},
	Volume = 144,
	Year = 2000,
	Bdsk-Url-1 = {http://dx.doi.org/10.1051/aas:2000214}}
